<record><leader>00000cas a22000007a 4500</leader><controlfield tag="001">10886808</controlfield><controlfield tag="008">840626d18431848meuwr ne      0    0eng d</controlfield><datafield ind1=" " ind2=" " tag="010"><subfield code="a">sn 84027115 </subfield></datafield><datafield ind1=" " ind2=" " tag="040"><subfield code="a">NPU</subfield><subfield code="b">eng</subfield><subfield code="c">NPU</subfield><subfield code="d">NPH</subfield><subfield code="d">MGN</subfield><subfield code="d">MBN</subfield><subfield code="d">OCL</subfield><subfield code="d">MBN</subfield><subfield code="d">OCLCQ</subfield><subfield code="d">OCLCF</subfield><subfield code="d">OCLCO</subfield></datafield><datafield ind1=" " ind2=" " tag="042"><subfield code="a">msc</subfield></datafield><datafield ind1=" " ind2=" " tag="043"><subfield code="a">n-us-me</subfield></datafield><datafield ind1="0" ind2="0" tag="245"><subfield code="a">Washingtonian journal.</subfield></datafield><datafield ind1=" " ind2=" " tag="260"><subfield code="a">Portland, Me. :</subfield><subfield code="b">F.W. Nichols &amp; Co.</subfield></datafield><datafield ind1=" " ind2=" " tag="300"><subfield code="a">v. ;</subfield><subfield code="c">52 cm.</subfield></datafield><datafield ind1=" " ind2=" " tag="310"><subfield code="a">Weekly</subfield></datafield><datafield ind1="0" ind2=" " tag="362"><subfield code="a">Vol. 1, no. 43 (May 3, 1843)-</subfield></datafield><datafield ind1="1" ind2=" " tag="362"><subfield code="a">Ceased in 1848?</subfield></datafield><datafield ind1=" " ind2=" " tag="500"><subfield code="a">"A family paper, devoted to temperance, virtue, intellectual and moral improvement, agriculture, news &amp; c," &lt;May 9, 1843&gt;.</subfield></datafield><datafield ind1=" " ind2=" " tag="500"><subfield code="a">Publishers: A. Shirley &amp; Son, Nov. 15, 1843-Nov. 4, 1846; Geo. H. Shirley, Nov. 11, 1846-&lt;Nov. 2, 1848&gt;</subfield></datafield><datafield ind1=" " ind2=" " tag="550"><subfield code="a">Published under the patronage of: the Maine Temperance Union and the Washington Total Abstinence Society.</subfield></datafield><datafield ind1=" " ind2=" " tag="580"><subfield code="a">Merged with: Cold water fountain and Gardiner news-letter, to form: Cold water fountain, and Washingtonian journal.</subfield></datafield><datafield ind1=" " ind2="0" tag="651"><subfield code="a">Portland (Me.)</subfield><subfield code="v">Newspapers.</subfield></datafield><datafield ind1=" " ind2="7" tag="655"><subfield code="a">Newspapers.</subfield><subfield code="2">fast</subfield><subfield code="0">(OCoLC)fst01423814</subfield></datafield><datafield ind1=" " ind2="7" tag="651"><subfield code="a">Maine</subfield><subfield code="z">Portland.</subfield><subfield code="2">fast</subfield><subfield code="0">(OCoLC)fst01213254</subfield></datafield><datafield ind1=" " ind2=" " tag="752"><subfield code="a">United States</subfield><subfield code="b">Maine</subfield><subfield code="c">Cumberland</subfield><subfield code="d">Portland.</subfield></datafield><datafield ind1="0" ind2=" " tag="775"><subfield code="t">Maine Washingtonian journal and temperance herald</subfield><subfield code="w">(DLC)sn 84027070</subfield></datafield><datafield ind1="0" ind2="0" tag="780"><subfield code="t">Maine Washingtonian journal and temperance herald</subfield><subfield code="w">(DLC)sn 84027070</subfield></datafield><datafield ind1="1" ind2="7" tag="785"><subfield code="t">Cold water fountain and Gardiner news-letter</subfield><subfield code="w">(DLC)sn 96075109</subfield></datafield><datafield ind1="1" ind2="7" tag="785"><subfield code="t">Cold water fountain, and Washingtonian journal</subfield><subfield code="w">(DLC)sn 84022453</subfield></datafield></record>